<?xml version="1.0" encoding="UTF-8"?><collection xmlns="http://www.loc.gov/MARC21/slim"><record><leader>00575nam--2200193-i-4500</leader><controlfield tag="001">000037810</controlfield><controlfield tag="002">20161230</controlfield><controlfield tag="005">20161230201041</controlfield><controlfield tag="008">060222s1000------------r-----000-0-eng-d</controlfield><datafield ind1=" " ind2=" " tag="040"><subfield code="a">IFIN-HH</subfield></datafield><datafield ind1=" " ind2=" " tag="080"><subfield code="a">539.1.074</subfield></datafield><datafield ind1="1" ind2=" " tag="100"><subfield code="a">Watt, D.E</subfield></datafield><datafield ind1="1" ind2="0" tag="245"><subfield code="a">High sensitivity counting techniques</subfield><subfield code="c">D.e. watt, d. ramsden</subfield></datafield><datafield ind1=" " ind2=" " tag="260"><subfield code="a">Oxford</subfield><subfield code="b">Pergamon Press</subfield><subfield code="c">1964</subfield></datafield><datafield ind1=" " ind2=" " tag="300"><subfield code="a">XV + 348P</subfield></datafield><datafield ind1=" " ind2=" " tag="490"><subfield code="a">International Series Of Monographs On Electronics And Instrumentation</subfield><subfield code="v">Volume 20</subfield></datafield><datafield ind1="1" ind2=" " tag="700"><subfield code="a">Ramsden, D</subfield></datafield><datafield ind1=" " ind2=" " tag="852"><subfield code="a">19740</subfield><subfield code="c">539.1.07:539.1.08</subfield></datafield><datafield ind1=" " ind2=" " tag="CAT"><subfield code="a">Sys</subfield><subfield code="c">20111018</subfield><subfield code="h">161934</subfield></datafield></record></collection>